@ARTICLE{Viola04robustreal-time,
    author = {Paul Viola and Michael Jones},
    title = {Robust real-time face detection},
    journal = {International Journal of Computer Vision},
    year = {2004},
    volume = {57},
    pages = {137--154}
}

@Article{CVIU2001:Hjelmas,
      author =       "Erik Hjelm{\aa}s and Boon Kee Low",
      title =        "Face Detection: {A} Survey",
      journal =      "Computer Vision and Image Understanding",
      volume =       "83",
      number =       "3",
      pages =        "236--274",
      month =        sep,
      year =         "2001",
      URL =          "http://dx.doi.org/10.1006/cviu.2001.0921",
      DOI =          "10.1006/cviu.2001.0921"
}

@inproceedings{conf/isda/ChandrappaR12,
  added-at = {2013-01-31T00:00:00.000+0100},
  author = {Chandrappa, D. N. and Ravishankar, M.},
  biburl = {http://www.bibsonomy.org/bibtex/21d217ce4a4a6476364684147d27abb0e/dblp},
  booktitle = {ISDA},
  crossref = {conf/isda/2012},
  editor = {Abraham, Ajith and Zomaya, Albert Y. and Ventura, Sebastián and Yager, Ronald and Snásel, Václav and Muda, Azah Kamilah and Samuel, Philip},
  ee = {http://dx.doi.org/10.1109/ISDA.2012.6416597},
  interhash = {40ef7418da591adf63669b7ba1ac7f74},
  intrahash = {1d217ce4a4a6476364684147d27abb0e},
  isbn = {978-1-4673-5117-1},
  keywords = {dblp},
  pages = {552-556},
  publisher = {IEEE},
  timestamp = {2013-01-31T00:00:00.000+0100},
  title = {Automatic face recognition in a crowded scene using multi layered clutter filtering and independent component analysis.},
  url = {http://dblp.uni-trier.de/db/conf/isda/isda2012.html#ChandrappaR12},
  year = 2012
}

@Article{prabhu_utsav_facialrecog,
    author = {Prabhu Utsav, and Keshav Seshadri},
    title = {Facial Recognition Using Active Shape Models, Local Patches and Support Vector Machines}
}

@ARTICLE{Rowley98neuralnetwork-based,
    author = {Henry A. Rowley and Student Member and Shumeet Baluja and Takeo Kanade},
    title = {Neural Network-Based Face Detection},
    journal = {IEEE Transactions On Pattern Analysis and Machine intelligence},
    year = {1998},
    volume = {20},
    pages = {23--38}
}

@inproceedings{zhang2014improving,
  title={Improving multiview face detection with multi-task deep convolutional neural networks},
  author={Zhang, Cha and Zhang, Zhengyou},
  booktitle={Applications of Computer Vision (WACV), 2014 IEEE Winter Conference on},
  pages={1036--1041},
  year={2014},
  organization={IEEE}
}

@ARTICLE{Li04floatboostlearning,
    author = {Stan Z. Li and ZhenQiu Zhang},
    title = {FloatBoost Learning and Statistical Face Detection},
    journal = {IEEE TRANSACTIONS ON PATTERN ANALYSIS AND MACHINE INTELLIGENCE},
    year = {2004},
    volume = {26},
    number = {9},
    pages = {2004}
}